%YAML 1.1
%TAG !u! tag:unity3d.com,2011:
--- !u!1 &1045340730953804958
GameObject:
  m_ObjectHideFlags: 0
  m_CorrespondingSourceObject: {fileID: 0}
  m_PrefabInstance: {fileID: 0}
  m_PrefabAsset: {fileID: 0}
  serializedVersion: 6
  m_Component:
  - component: {fileID: 1171422656122499377}
  - component: {fileID: 7513873376530832728}
  - component: {fileID: 7382772370294044936}
  - component: {fileID: 6761538546611626576}
  - component: {fileID: 7503087826843726521}
  m_Layer: 0
  m_Name: RoundedSquare
  m_TagString: Square
  m_Icon: {fileID: 0}
  m_NavMeshLayer: 0
  m_StaticEditorFlags: 0
  m_IsActive: 1
--- !u!4 &1171422656122499377
Transform:
  m_ObjectHideFlags: 0
  m_CorrespondingSourceObject: {fileID: 0}
  m_PrefabInstance: {fileID: 0}
  m_PrefabAsset: {fileID: 0}
  m_GameObject: {fileID: 1045340730953804958}
  m_LocalRotation: {x: -0, y: -0, z: -0, w: 1}
  m_LocalPosition: {x: 5, y: 5, z: 0}
  m_LocalScale: {x: 200, y: 200, z: 20}
  m_Children:
  - {fileID: 1147988837694840536}
  - {fileID: 3505307133425523136}
  m_Father: {fileID: 0}
  m_RootOrder: 0
  m_LocalEulerAnglesHint: {x: 0, y: 0, z: 0}
--- !u!33 &7513873376530832728
MeshFilter:
  m_ObjectHideFlags: 0
  m_CorrespondingSourceObject: {fileID: 0}
  m_PrefabInstance: {fileID: 0}
  m_PrefabAsset: {fileID: 0}
  m_GameObject: {fileID: 1045340730953804958}
  m_Mesh: {fileID: -5495902117074765545, guid: d86814761830c47ba86866e8b2538db3, type: 3}
--- !u!23 &7382772370294044936
MeshRenderer:
  m_ObjectHideFlags: 0
  m_CorrespondingSourceObject: {fileID: 0}
  m_PrefabInstance: {fileID: 0}
  m_PrefabAsset: {fileID: 0}
  m_GameObject: {fileID: 1045340730953804958}
  m_Enabled: 1
  m_CastShadows: 1
  m_ReceiveShadows: 1
  m_DynamicOccludee: 1
  m_MotionVectors: 1
  m_LightProbeUsage: 1
  m_ReflectionProbeUsage: 1
  m_RenderingLayerMask: 1
  m_RendererPriority: 0
  m_Materials:
  - {fileID: 2100000, guid: 3fba315852f4c4fbdb951c203febeb3e, type: 2}
  m_StaticBatchInfo:
    firstSubMesh: 0
    subMeshCount: 0
  m_StaticBatchRoot: {fileID: 0}
  m_ProbeAnchor: {fileID: 0}
  m_LightProbeVolumeOverride: {fileID: 0}
  m_ScaleInLightmap: 1
  m_PreserveUVs: 0
  m_IgnoreNormalsForChartDetection: 0
  m_ImportantGI: 0
  m_StitchLightmapSeams: 1
  m_SelectedEditorRenderState: 3
  m_MinimumChartSize: 4
  m_AutoUVMaxDistance: 0.5
  m_AutoUVMaxAngle: 89
  m_LightmapParameters: {fileID: 0}
  m_SortingLayerID: 0
  m_SortingLayer: 0
  m_SortingOrder: 0
--- !u!65 &6761538546611626576
BoxCollider:
  m_ObjectHideFlags: 0
  m_CorrespondingSourceObject: {fileID: 0}
  m_PrefabInstance: {fileID: 0}
  m_PrefabAsset: {fileID: 0}
  m_GameObject: {fileID: 1045340730953804958}
  m_Material: {fileID: 0}
  m_IsTrigger: 0
  m_Enabled: 1
  serializedVersion: 2
  m_Size: {x: 0.04, y: 0.04, z: 0.02}
  m_Center: {x: 0, y: 0, z: 0}
--- !u!114 &7503087826843726521
MonoBehaviour:
  m_ObjectHideFlags: 0
  m_CorrespondingSourceObject: {fileID: 0}
  m_PrefabInstance: {fileID: 0}
  m_PrefabAsset: {fileID: 0}
  m_GameObject: {fileID: 1045340730953804958}
  m_Enabled: 1
  m_EditorHideFlags: 0
  m_Script: {fileID: 11500000, guid: 96a7c25b5805f42cb98bda6c879f902a, type: 3}
  m_Name: 
  m_EditorClassIdentifier: 
  _stopFlashingTutorialSquares: {fileID: 11400000, guid: a59ad0379b5854ecc9ec02dd60a00cf6,
    type: 2}
  _isButtonUsable: {fileID: 11400000, guid: 15c8d6c2dd2244db89ea63b86e5f42d8, type: 2}
  _swipeDirectionChangedThreshold: {fileID: 11400000, guid: 23f10ee9a3f924a29b2f9d79cfa0b130,
    type: 2}
  flipSpeed: 0.4
--- !u!114 &2436380326704374083
MonoBehaviour:
  m_ObjectHideFlags: 0
  m_CorrespondingSourceObject: {fileID: 0}
  m_PrefabInstance: {fileID: 0}
  m_PrefabAsset: {fileID: 0}
  m_GameObject: {fileID: 3505307133425523137}
  m_Enabled: 1
  m_EditorHideFlags: 0
  m_Script: {fileID: 11500000, guid: fdde739dfdf994924958b9d183e0066d, type: 3}
  m_Name: 
  m_EditorClassIdentifier: 
  _squareMatchedEvent: {fileID: 11400000, guid: c772f2c3148d94448851e850eccc9cd3,
    type: 2}
  _squareWiggleOnMatchEvent: {fileID: 11400000, guid: bd063931ef6434174ba095a075c1e3d8,
    type: 2}
  _gameEndEvent: {fileID: 11400000, guid: e9b638c386163491ba95bddc8513588a, type: 2}
  _continueTutorialEvent: {fileID: 11400000, guid: 2f36e92d2d4174148bcbcaa7fde5f284,
    type: 2}
--- !u!1 &5245886494566783941
GameObject:
  m_ObjectHideFlags: 0
  m_CorrespondingSourceObject: {fileID: 0}
  m_PrefabInstance: {fileID: 0}
  m_PrefabAsset: {fileID: 0}
  serializedVersion: 6
  m_Component:
  - component: {fileID: 1147988837694840536}
  - component: {fileID: 3537281921110181738}
  - component: {fileID: 7668663636673952813}
  - component: {fileID: 1725167172497241136}
  m_Layer: 0
  m_Name: SquareBorder
  m_TagString: Untagged
  m_Icon: {fileID: 0}
  m_NavMeshLayer: 0
  m_StaticEditorFlags: 0
  m_IsActive: 1
--- !u!4 &1147988837694840536
Transform:
  m_ObjectHideFlags: 0
  m_CorrespondingSourceObject: {fileID: 0}
  m_PrefabInstance: {fileID: 0}
  m_PrefabAsset: {fileID: 0}
  m_GameObject: {fileID: 5245886494566783941}
  m_LocalRotation: {x: -0, y: -0, z: -0, w: 1}
  m_LocalPosition: {x: 0, y: 0, z: 0.003}
  m_LocalScale: {x: 1.15, y: 1.15, z: 1.1}
  m_Children: []
  m_Father: {fileID: 1171422656122499377}
  m_RootOrder: 0
  m_LocalEulerAnglesHint: {x: 0, y: 0, z: 0}
--- !u!33 &3537281921110181738
MeshFilter:
  m_ObjectHideFlags: 0
  m_CorrespondingSourceObject: {fileID: 0}
  m_PrefabInstance: {fileID: 0}
  m_PrefabAsset: {fileID: 0}
  m_GameObject: {fileID: 5245886494566783941}
  m_Mesh: {fileID: -5495902117074765545, guid: d86814761830c47ba86866e8b2538db3, type: 3}
--- !u!23 &7668663636673952813
MeshRenderer:
  m_ObjectHideFlags: 0
  m_CorrespondingSourceObject: {fileID: 0}
  m_PrefabInstance: {fileID: 0}
  m_PrefabAsset: {fileID: 0}
  m_GameObject: {fileID: 5245886494566783941}
  m_Enabled: 1
  m_CastShadows: 1
  m_ReceiveShadows: 1
  m_DynamicOccludee: 1
  m_MotionVectors: 1
  m_LightProbeUsage: 1
  m_ReflectionProbeUsage: 1
  m_RenderingLayerMask: 1
  m_RendererPriority: 0
  m_Materials:
  - {fileID: 2100000, guid: 27770c5df5ff240d49dcb26a608af322, type: 2}
  m_StaticBatchInfo:
    firstSubMesh: 0
    subMeshCount: 0
  m_StaticBatchRoot: {fileID: 0}
  m_ProbeAnchor: {fileID: 0}
  m_LightProbeVolumeOverride: {fileID: 0}
  m_ScaleInLightmap: 1
  m_PreserveUVs: 0
  m_IgnoreNormalsForChartDetection: 0
  m_ImportantGI: 0
  m_StitchLightmapSeams: 1
  m_SelectedEditorRenderState: 3
  m_MinimumChartSize: 4
  m_AutoUVMaxDistance: 0.5
  m_AutoUVMaxAngle: 89
  m_LightmapParameters: {fileID: 0}
  m_SortingLayerID: 0
  m_SortingLayer: 0
  m_SortingOrder: 0
--- !u!65 &1725167172497241136
BoxCollider:
  m_ObjectHideFlags: 0
  m_CorrespondingSourceObject: {fileID: 0}
  m_PrefabInstance: {fileID: 0}
  m_PrefabAsset: {fileID: 0}
  m_GameObject: {fileID: 5245886494566783941}
  m_Material: {fileID: 0}
  m_IsTrigger: 0
  m_Enabled: 1
  serializedVersion: 2
  m_Size: {x: 0.04, y: 0.04, z: 0.02}
  m_Center: {x: 0, y: 0, z: 0}
--- !u!1001 &4076711895637336337
PrefabInstance:
  m_ObjectHideFlags: 0
  serializedVersion: 2
  m_Modification:
    m_TransformParent: {fileID: 1171422656122499377}
    m_Modifications:
    - target: {fileID: 591723737643628753, guid: f39da7876b49a4b5ca77d5191d63da7a,
        type: 3}
      propertyPath: m_LocalPosition.x
      value: 0
      objectReference: {fileID: 0}
    - target: {fileID: 591723737643628753, guid: f39da7876b49a4b5ca77d5191d63da7a,
        type: 3}
      propertyPath: m_LocalPosition.y
      value: 0
      objectReference: {fileID: 0}
    - target: {fileID: 591723737643628753, guid: f39da7876b49a4b5ca77d5191d63da7a,
        type: 3}
      propertyPath: m_LocalScale.x
      value: 0.044999998
      objectReference: {fileID: 0}
    - target: {fileID: 591723737643628753, guid: f39da7876b49a4b5ca77d5191d63da7a,
        type: 3}
      propertyPath: m_LocalScale.y
      value: 0.044999998
      objectReference: {fileID: 0}
    - target: {fileID: 591723737643628753, guid: f39da7876b49a4b5ca77d5191d63da7a,
        type: 3}
      propertyPath: m_RootOrder
      value: 1
      objectReference: {fileID: 0}
    - target: {fileID: 591723737643628753, guid: f39da7876b49a4b5ca77d5191d63da7a,
        type: 3}
      propertyPath: m_LocalRotation.x
      value: -0
      objectReference: {fileID: 0}
    - target: {fileID: 591723737643628753, guid: f39da7876b49a4b5ca77d5191d63da7a,
        type: 3}
      propertyPath: m_LocalRotation.y
      value: -0
      objectReference: {fileID: 0}
    - target: {fileID: 591723737643628753, guid: f39da7876b49a4b5ca77d5191d63da7a,
        type: 3}
      propertyPath: m_LocalRotation.z
      value: -0
      objectReference: {fileID: 0}
    - target: {fileID: 591723737643628753, guid: f39da7876b49a4b5ca77d5191d63da7a,
        type: 3}
      propertyPath: m_LocalPosition.z
      value: -0.044999998
      objectReference: {fileID: 0}
    - target: {fileID: 591723737643628753, guid: f39da7876b49a4b5ca77d5191d63da7a,
        type: 3}
      propertyPath: m_LocalScale.z
      value: 0.25
      objectReference: {fileID: 0}
    m_RemovedComponents:
    - {fileID: 591723737643628764, guid: f39da7876b49a4b5ca77d5191d63da7a, type: 3}
  m_SourcePrefab: {fileID: 100100000, guid: f39da7876b49a4b5ca77d5191d63da7a, type: 3}
--- !u!1 &3505307133425523137 stripped
GameObject:
  m_CorrespondingSourceObject: {fileID: 591723737643628752, guid: f39da7876b49a4b5ca77d5191d63da7a,
    type: 3}
  m_PrefabInstance: {fileID: 4076711895637336337}
  m_PrefabAsset: {fileID: 0}
--- !u!4 &3505307133425523136 stripped
Transform:
  m_CorrespondingSourceObject: {fileID: 591723737643628753, guid: f39da7876b49a4b5ca77d5191d63da7a,
    type: 3}
  m_PrefabInstance: {fileID: 4076711895637336337}
  m_PrefabAsset: {fileID: 0}
