%YAML 1.1
%TAG !u! tag:unity3d.com,2011:
--- !u!244 &-8166764545821791024
AudioMixerEffectController:
  m_ObjectHideFlags: 3
  m_CorrespondingSourceObject: {fileID: 0}
  m_PrefabInstance: {fileID: 0}
  m_PrefabAsset: {fileID: 0}
  m_Name: 
  m_EffectID: 3a93f93046ae4437d9d13c5eab4900fd
  m_EffectName: Attenuation
  m_MixLevel: 0d2d04ceeef7c4c18989228ebf732510
  m_Parameters: []
  m_SendTarget: {fileID: 0}
  m_EnableWetMix: 0
  m_Bypass: 0
--- !u!241 &24100000
AudioMixerController:
  m_ObjectHideFlags: 0
  m_CorrespondingSourceObject: {fileID: 0}
  m_PrefabInstance: {fileID: 0}
  m_PrefabAsset: {fileID: 0}
  m_Name: MusicMixer
  m_OutputGroup: {fileID: 0}
  m_MasterGroup: {fileID: 24300002}
  m_Snapshots:
  - {fileID: 24500006}
  m_StartSnapshot: {fileID: 24500006}
  m_SuspendThreshold: -80
  m_EnableSuspend: 1
  m_UpdateMode: 0
  m_ExposedParameters:
  - guid: b65fd61622cd948b0801319b6023fdbf
    name: MyExposedParam
  - guid: 410ec450647774b7aa29196ba8c2e47e
    name: Music
  - guid: 49ef5199a515a476d8253eef10767e82
    name: SFX
  m_AudioMixerGroupViews:
  - guids:
    - 87b838e77c2f3479ca1235eb31fd3e1d
    - e1fd1a5a11cd948a1a93225341a3f2da
    - 5141bc0279aa14e57853b0bbb59df0b3
    name: View
  m_CurrentViewIndex: 0
  m_TargetSnapshot: {fileID: 24500006}
--- !u!243 &24300002
AudioMixerGroupController:
  m_ObjectHideFlags: 0
  m_CorrespondingSourceObject: {fileID: 0}
  m_PrefabInstance: {fileID: 0}
  m_PrefabAsset: {fileID: 0}
  m_Name: Master
  m_AudioMixer: {fileID: 24100000}
  m_GroupID: 87b838e77c2f3479ca1235eb31fd3e1d
  m_Children:
  - {fileID: 7093235886548722141}
  - {fileID: 3678694716911722423}
  m_Volume: b65fd61622cd948b0801319b6023fdbf
  m_Pitch: 1ec93890cbf3d456db77222bf7a35702
  m_Send: 00000000000000000000000000000000
  m_Effects:
  - {fileID: 24400004}
  m_UserColorIndex: 0
  m_Mute: 0
  m_Solo: 0
  m_BypassEffects: 0
--- !u!244 &24400004
AudioMixerEffectController:
  m_ObjectHideFlags: 3
  m_CorrespondingSourceObject: {fileID: 0}
  m_PrefabInstance: {fileID: 0}
  m_PrefabAsset: {fileID: 0}
  m_Name: 
  m_EffectID: b76962895417a4aa28a72199647d20b1
  m_EffectName: Attenuation
  m_MixLevel: 9705610cedbcc4926bbbb93df8b34262
  m_Parameters: []
  m_SendTarget: {fileID: 0}
  m_EnableWetMix: 0
  m_Bypass: 0
--- !u!245 &24500006
AudioMixerSnapshotController:
  m_ObjectHideFlags: 0
  m_CorrespondingSourceObject: {fileID: 0}
  m_PrefabInstance: {fileID: 0}
  m_PrefabAsset: {fileID: 0}
  m_Name: Snapshot
  m_AudioMixer: {fileID: 24100000}
  m_SnapshotID: 8268edb4447d743ed956b41f684dbd47
  m_FloatValues:
    410ec450647774b7aa29196ba8c2e47e: 0
  m_TransitionOverrides: {}
--- !u!244 &1660948406055100488
AudioMixerEffectController:
  m_ObjectHideFlags: 3
  m_CorrespondingSourceObject: {fileID: 0}
  m_PrefabInstance: {fileID: 0}
  m_PrefabAsset: {fileID: 0}
  m_Name: 
  m_EffectID: aca6e4629d4834b4d87f69c2070bfe1a
  m_EffectName: Attenuation
  m_MixLevel: 90bcf7701b8b84cd587624c87cfeee13
  m_Parameters: []
  m_SendTarget: {fileID: 0}
  m_EnableWetMix: 0
  m_Bypass: 0
--- !u!243 &3678694716911722423
AudioMixerGroupController:
  m_ObjectHideFlags: 0
  m_CorrespondingSourceObject: {fileID: 0}
  m_PrefabInstance: {fileID: 0}
  m_PrefabAsset: {fileID: 0}
  m_Name: SFX
  m_AudioMixer: {fileID: 24100000}
  m_GroupID: 5141bc0279aa14e57853b0bbb59df0b3
  m_Children: []
  m_Volume: 49ef5199a515a476d8253eef10767e82
  m_Pitch: 120ce80a2725841bf87e0bdf049bc38c
  m_Send: 00000000000000000000000000000000
  m_Effects:
  - {fileID: 1660948406055100488}
  m_UserColorIndex: 0
  m_Mute: 0
  m_Solo: 0
  m_BypassEffects: 0
--- !u!243 &7093235886548722141
AudioMixerGroupController:
  m_ObjectHideFlags: 0
  m_CorrespondingSourceObject: {fileID: 0}
  m_PrefabInstance: {fileID: 0}
  m_PrefabAsset: {fileID: 0}
  m_Name: Music
  m_AudioMixer: {fileID: 24100000}
  m_GroupID: e1fd1a5a11cd948a1a93225341a3f2da
  m_Children: []
  m_Volume: 410ec450647774b7aa29196ba8c2e47e
  m_Pitch: 32272091ad9bb48719a1598aa670b9f9
  m_Send: 00000000000000000000000000000000
  m_Effects:
  - {fileID: -8166764545821791024}
  m_UserColorIndex: 0
  m_Mute: 0
  m_Solo: 0
  m_BypassEffects: 0
